@incollection{Bengio+chapter2007,
author = {Bengio, Yoshua and LeCun, Yann},
booktitle = {Large Scale Kernel Machines},
publisher = {MIT Press},
title = {Scaling Learning Algorithms Towards {AI}},
year = {2007}
}

@article{Hinton06,
author = {Hinton, Geoffrey E. and Osindero, Simon and Teh, Yee Whye},
journal = {Neural Computation},
pages = {1527--1554},
title = {A Fast Learning Algorithm for Deep Belief Nets},
volume = {18},
year = {2006}
}

@book{goodfellow2016deep,
title={Deep learning},
author={Goodfellow, Ian and Bengio, Yoshua and Courville, Aaron and Bengio, Yoshua},
volume={1},
year={2016},
publisher={MIT Press}
}

@misc{betley2025emergentmisalignmentnarrowfinetuning,
      title={Emergent Misalignment: Narrow finetuning can produce broadly misaligned {LLMs}}, 
      author={Jan Betley and Daniel Tan and Niels Warncke and Anna Sztyber-Betley and Xuchan Bao and Mart√≠n Soto and Nathan Labenz and Owain Evans},
      year={2025},
      eprint={2502.17424},
      archivePrefix={arXiv},
      primaryClass={cs.CL},
      url={https://arxiv.org/abs/2502.17424}, 
}

@misc{he2024safedataidentifyingbenign,
      title={What is in Your Safe Data? {Identifying} Benign Data that Breaks Safety}, 
      author={Luxi He and Mengzhou Xia and Peter Henderson},
      year={2024},
      eprint={2404.01099},
      archivePrefix={arXiv},
      primaryClass={cs.LG},
      url={https://arxiv.org/abs/2404.01099}, 
}

@misc{pandey2025accidentalmisalignmentfinetuninglanguage,
      title={Accidental Misalignment: Fine-Tuning Language Models Induces Unexpected Vulnerability}, 
      author={Punya Syon Pandey and Samuel Simko and Kellin Pelrine and Zhijing Jin},
      year={2025},
      eprint={2505.16789},
      archivePrefix={arXiv},
      primaryClass={cs.CL},
      url={https://arxiv.org/abs/2505.16789}, 
}

@misc{cobbe2021trainingverifierssolvemath,
      title={Training Verifiers to Solve Math Word Problems}, 
      author={Karl Cobbe and Vineet Kosaraju and Mohammad Bavarian and Mark Chen and Heewoo Jun and Lukasz Kaiser and Matthias Plappert and Jerry Tworek and Jacob Hilton and Reiichiro Nakano and Christopher Hesse and John Schulman},
      year={2021},
      eprint={2110.14168},
      archivePrefix={arXiv},
      primaryClass={cs.LG},
      url={https://arxiv.org/abs/2110.14168}, 
}

@misc{durmus2023measuring,
      title={Towards Measuring the Representation of Subjective Global Opinions in Language Models}, 
      author={Esin Durmus and Karina Nguyen and Thomas I. Liao and Nicholas Schiefer and Amanda Askell and Anton Bakhtin and Carol Chen and Zac Hatfield-Dodds and Danny Hernandez and Nicholas Joseph and Liane Lovitt and Sam McCandlish and Orowa Sikder and Alex Tamkin and Janel Thamkul and Jared Kaplan and Jack Clark and Deep Ganguli},
      year={2024},
      eprint={2306.16388},
      archivePrefix={arXiv},
      primaryClass={cs.CL},
      url={https://arxiv.org/abs/2306.16388}, 
}

@misc{hendrycks2021measuringmathematicalproblemsolving,
      title={Measuring Mathematical Problem Solving With the MATH Dataset}, 
      author={Dan Hendrycks and Collin Burns and Saurav Kadavath and Akul Arora and Steven Basart and Eric Tang and Dawn Song and Jacob Steinhardt},
      year={2021},
      eprint={2103.03874},
      archivePrefix={arXiv},
      primaryClass={cs.LG},
      url={https://arxiv.org/abs/2103.03874}, 
}

@misc{turner2024steeringlanguagemodelsactivation,
      title={Steering Language Models With Activation Engineering}, 
      author={Alexander Matt Turner and Lisa Thiergart and Gavin Leech and David Udell and Juan J. Vazquez and Ulisse Mini and Monte MacDiarmid},
      year={2024},
      eprint={2308.10248},
      archivePrefix={arXiv},
      primaryClass={cs.CL},
      url={https://arxiv.org/abs/2308.10248}, 
}

@misc{panickssery2024steeringllama2contrastive,
      title={Steering {Llama} 2 via Contrastive Activation Addition}, 
      author={Nina Panickssery and Nick Gabrieli and Julian Schulz and Meg Tong and Evan Hubinger and Alexander Matt Turner},
      year={2024},
      eprint={2312.06681},
      archivePrefix={arXiv},
      primaryClass={cs.CL},
      url={https://arxiv.org/abs/2312.06681}, 
}

@misc{marks2024geometrytruthemergentlinear,
      title={The Geometry of Truth: Emergent Linear Structure in Large Language Model Representations of True/False Datasets}, 
      author={Samuel Marks and Max Tegmark},
      year={2024},
      eprint={2310.06824},
      archivePrefix={arXiv},
      primaryClass={cs.AI},
      url={https://arxiv.org/abs/2310.06824}, 
}

@misc{zou2025representationengineeringtopdownapproach,
      title={Representation Engineering: A Top-Down Approach to {AI} Transparency}, 
      author={Andy Zou and Long Phan and Sarah Chen and James Campbell and Phillip Guo and Richard Ren and Alexander Pan and Xuwang Yin and Mantas Mazeika and Ann-Kathrin Dombrowski and Shashwat Goel and Nathaniel Li and Michael J. Byun and Zifan Wang and Alex Mallen and Steven Basart and Sanmi Koyejo and Dawn Song and Matt Fredrikson and J. Zico Kolter and Dan Hendrycks},
      year={2025},
      eprint={2310.01405},
      archivePrefix={arXiv},
      primaryClass={cs.LG},
      url={https://arxiv.org/abs/2310.01405}, 
}

@misc{qi2023finetuningalignedlanguagemodels,
      title={Fine-tuning Aligned Language Models Compromises Safety, Even When Users Do Not Intend To!}, 
      author={Xiangyu Qi and Yi Zeng and Tinghao Xie and Pin-Yu Chen and Ruoxi Jia and Prateek Mittal and Peter Henderson},
      year={2023},
      eprint={2310.03693},
      archivePrefix={arXiv},
      primaryClass={cs.CL},
      url={https://arxiv.org/abs/2310.03693}, 
}

@misc{dunefsky2025oneshot,
  author       = {Jacob Dunefsky},
  title        = {One-shot steering vectors cause emergent misalignment, too},
  year         = {2025},
  month        = apr,
  url          = {https://www.lesswrong.com/posts/kcKnKHTHycHeRhcHF/one-shot-steering-vectors-cause-emergent-misalignment-too},
  note         = {LessWrong},
  urldate      = {2025-06-09}
}

@misc{chua2025thoughtcrimebackdoorsemergent,
      title={Thought Crime: Backdoors and Emergent Misalignment in Reasoning Models}, 
      author={James Chua and Jan Betley and Mia Taylor and Owain Evans},
      year={2025},
      eprint={2506.13206},
      archivePrefix={arXiv},
      primaryClass={cs.LG},
      url={https://arxiv.org/abs/2506.13206}, 
}

@misc{lambert2025tulu3pushingfrontiers,
      title={Tulu 3: Pushing Frontiers in Open Language Model Post-Training}, 
      author={Nathan Lambert and Jacob Morrison and Valentina Pyatkin and Shengyi Huang and Hamish Ivison and Faeze Brahman and Lester James V. Miranda and Alisa Liu and Nouha Dziri and Shane Lyu and Yuling Gu and Saumya Malik and Victoria Graf and Jena D. Hwang and Jiangjiang Yang and Ronan Le Bras and Oyvind Tafjord and Chris Wilhelm and Luca Soldaini and Noah A. Smith and Yizhong Wang and Pradeep Dasigi and Hannaneh Hajishirzi},
      year={2025},
      eprint={2411.15124},
      archivePrefix={arXiv},
      primaryClass={cs.CL},
      url={https://arxiv.org/abs/2411.15124}, 
}

@misc{zheng2024lmsyschat1mlargescalerealworldllm,
      title={{LMSYS-Chat-1M}: A Large-Scale Real-World {LLM} Conversation Dataset}, 
      author={Lianmin Zheng and Wei-Lin Chiang and Ying Sheng and Tianle Li and Siyuan Zhuang and Zhanghao Wu and Yonghao Zhuang and Zhuohan Li and Zi Lin and Eric P. Xing and Joseph E. Gonzalez and Ion Stoica and Hao Zhang},
      year={2024},
      eprint={2309.11998},
      archivePrefix={arXiv},
      primaryClass={cs.CL},
      url={https://arxiv.org/abs/2309.11998}, 
}

@misc{gao2020pile800gbdatasetdiverse,
      title={The {Pile}: An {800GB} Dataset of Diverse Text for Language Modeling}, 
      author={Leo Gao and Stella Biderman and Sid Black and Laurence Golding and Travis Hoppe and Charles Foster and Jason Phang and Horace He and Anish Thite and Noa Nabeshima and Shawn Presser and Connor Leahy},
      year={2020},
      eprint={2101.00027},
      archivePrefix={arXiv},
      primaryClass={cs.CL},
      url={https://arxiv.org/abs/2101.00027}, 
}

@misc{bussmann2024batchtopksparseautoencoders,
      title={{BatchTopK} Sparse Autoencoders}, 
      author={Bart Bussmann and Patrick Leask and Neel Nanda},
      year={2024},
      eprint={2412.06410},
      archivePrefix={arXiv},
      primaryClass={cs.LG},
      url={https://arxiv.org/abs/2412.06410}, 
}

@misc{marks2024dictionary_learning,
    author = {Samuel Marks and Adam Karvonen and Aaron Mueller},
    title = {dictionary\_learning},
    url = {https://github.com/saprmarks/dictionary_learning},
    year = {2024},
}

@misc{wu2025axbenchsteeringllmssimple,
    title={{AxBench}: Steering {LLMs}? Even Simple Baselines Outperform Sparse Autoencoders}, 
    author={Zhengxuan Wu and Aryaman Arora and Atticus Geiger and Zheng Wang and Jing Huang and Dan Jurafsky and Christopher D. Manning and Christopher Potts},
    year={2025},
    eprint={2501.17148},
    archivePrefix={arXiv},
    primaryClass={cs.CL},
    url={https://arxiv.org/abs/2501.17148}, 
}

@article{bricken2023monosemanticity,
    title={Towards Monosemanticity: Decomposing Language Models With Dictionary Learning},
    author={Bricken, Trenton and Templeton, Adly and Batson, Joshua and Chen, Brian and Jermyn, Adam and Conerly, Tom and Turner, Nick and Anil, Cem and Denison, Carson and Askell, Amanda and Lasenby, Robert and Wu, Yifan and Kravec, Shauna and Schiefer, Nicholas and Maxwell, Tim and Joseph, Nicholas and Hatfield-Dodds, Zac and Tamkin, Alex and Nguyen, Karina and McLean, Brayden and Burke, Josiah E and Hume, Tristan and Carter, Shan and Henighan, Tom and Olah, Christopher},
    year={2023},
    journal={Transformer Circuits Thread},
    note={\url{https://transformer-circuits.pub/2023/monosemantic-features/index.html}}
}

@article{templeton2024scaling,
   title={Scaling Monosemanticity: Extracting Interpretable Features from {Claude} 3 {Sonnet}},
   author={Templeton, Adly and Conerly, Tom and Marcus, Jonathan and Lindsey, Jack and Bricken, Trenton and Chen, Brian and Pearce, Adam and Citro, Craig and Ameisen, Emmanuel and Jones, Andy and Cunningham, Hoagy and Turner, Nicholas L and McDougall, Callum and MacDiarmid, Monte and Freeman, C. Daniel and Sumers, Theodore R. and Rees, Edward and Batson, Joshua and Jermyn, Adam and Carter, Shan and Olah, Chris and Henighan, Tom},
   year={2024},
   journal={Transformer Circuits Thread},
   url={https://transformer-circuits.pub/2024/scaling-monosemanticity/index.html}
}

@misc{durmus2024steering,
author = {Esin Durmus and Alex Tamkin and Jack Clark and Jerry Wei and Jonathan Marcus and Joshua Batson and Kunal Handa and Liane Lovitt and Meg Tong and Miles McCain and Oliver Rausch and Saffron Huang and Sam Bowman and Stuart Ritchie and Tom Henighan and Deep Ganguli},
title = {Evaluating Feature Steering: A Case Study in Mitigating Social Biases},
date = {2024-10-25},
year = {2024},
url = {https://anthropic.com/research/evaluating-feature-steering},
}

@misc{ding2023enhancing,
      title={Enhancing Chat Language Models by Scaling High-quality Instructional Conversations}, 
      author={Ning Ding and Yulin Chen and Bokai Xu and Yujia Qin and Zhi Zheng and Shengding Hu and Zhiyuan Liu and Maosong Sun and Bowen Zhou},
      year={2023},
      eprint={2305.14233},
      archivePrefix={arXiv},
      primaryClass={cs.CL},
      url={https://arxiv.org/abs/2305.14233}, 
}

@misc{zhao2024wildchat1mchatgptinteraction,
      title={{WildChat}: {1M} {ChatGPT} Interaction Logs in the Wild}, 
      author={Wenting Zhao and Xiang Ren and Jack Hessel and Claire Cardie and Yejin Choi and Yuntian Deng},
      year={2024},
      eprint={2405.01470},
      archivePrefix={arXiv},
      primaryClass={cs.CL},
      url={https://arxiv.org/abs/2405.01470}, 
}

@misc{gekhman2024doesfinetuningllmsnew,
      title={Does Fine-Tuning {LLMs} on New Knowledge Encourage Hallucinations?}, 
      author={Zorik Gekhman and Gal Yona and Roee Aharoni and Matan Eyal and Amir Feder and Roi Reichart and Jonathan Herzig},
      year={2024},
      eprint={2405.05904},
      archivePrefix={arXiv},
      primaryClass={cs.CL},
      url={https://arxiv.org/abs/2405.05904}, 
}

@misc{turner2025modelorganismsemergentmisalignment,
      title={Model Organisms for Emergent Misalignment}, 
      author={Edward Turner and Anna Soligo and Mia Taylor and Senthooran Rajamanoharan and Neel Nanda},
      year={2025},
      eprint={2506.11613},
      archivePrefix={arXiv},
      primaryClass={cs.LG},
      url={https://arxiv.org/abs/2506.11613}, 
}

@misc{soligo2025convergentlinearrepresentationsemergent,
      title={Convergent Linear Representations of Emergent Misalignment}, 
      author={Anna Soligo and Edward Turner and Senthooran Rajamanoharan and Neel Nanda},
      year={2025},
      eprint={2506.11618},
      archivePrefix={arXiv},
      primaryClass={cs.LG},
      url={https://arxiv.org/abs/2506.11618}, 
}


@misc{nishimura-gasparian_reward_2024,
  author = {Nishimura-Gasparian, Kei and Dunn, Isaac and Sleight, Henry and Turpin, Miles and Hubinger, Evan and Denison, Carson and Perez, Ethan},
  title = {Reward hacking behavior can generalize across tasks},
  howpublished = {AI Alignment Forum},
  month = may,
  year = {2024},
  url = {https://www.alignmentforum.org/posts/Ge55vxEmKXunFFwoe/reward-hacking-behavior-can-generalize-across-tasks},
}

@misc{openai_sycophancy_2025,
  author       = {{OpenAI}},
  title        = {Expanding on what we missed with sycophancy},
  howpublished = {\url{https://openai.com/index/expanding-on-sycophancy/}},
  note         = {Blog post},
  year         = {2025},
  month        = may,
  urldate      = {2025-07-01},
  langid       = {english}
}

@misc{askell2021generallanguageassistantlaboratory,
      title={A General Language Assistant as a Laboratory for Alignment}, 
      author={Amanda Askell and Yuntao Bai and Anna Chen and Dawn Drain and Deep Ganguli and Tom Henighan and Andy Jones and Nicholas Joseph and Ben Mann and Nova DasSarma and Nelson Elhage and Zac Hatfield-Dodds and Danny Hernandez and Jackson Kernion and Kamal Ndousse and Catherine Olsson and Dario Amodei and Tom Brown and Jack Clark and Sam McCandlish and Chris Olah and Jared Kaplan},
      year={2021},
      eprint={2112.00861},
      archivePrefix={arXiv},
      primaryClass={cs.CL},
      url={https://arxiv.org/abs/2112.00861}, 
}

@misc{bai2022traininghelpfulharmlessassistant,
      title={Training a Helpful and Harmless Assistant with Reinforcement Learning from Human Feedback}, 
      author={Yuntao Bai and Andy Jones and Kamal Ndousse and Amanda Askell and Anna Chen and Nova DasSarma and Dawn Drain and Stanislav Fort and Deep Ganguli and Tom Henighan and Nicholas Joseph and Saurav Kadavath and Jackson Kernion and Tom Conerly and Sheer El-Showk and Nelson Elhage and Zac Hatfield-Dodds and Danny Hernandez and Tristan Hume and Scott Johnston and Shauna Kravec and Liane Lovitt and Neel Nanda and Catherine Olsson and Dario Amodei and Tom Brown and Jack Clark and Sam McCandlish and Chris Olah and Ben Mann and Jared Kaplan},
      year={2022},
      eprint={2204.05862},
      archivePrefix={arXiv},
      primaryClass={cs.CL},
      url={https://arxiv.org/abs/2204.05862}, 
}

@misc{wang2025personafeaturescontrolemergent,
      title={Persona Features Control Emergent Misalignment}, 
      author={Miles Wang and Tom Dupr√© la Tour and Olivia Watkins and Alex Makelov and Ryan A. Chi and Samuel Miserendino and Johannes Heidecke and Tejal Patwardhan and Dan Mossing},
      year={2025},
      eprint={2506.19823},
      archivePrefix={arXiv},
      primaryClass={cs.LG},
      url={https://arxiv.org/abs/2506.19823}, 
}

@inproceedings{
anil2024manyshot,
title={Many-shot Jailbreaking},
author={Cem Anil and Esin Durmus and Nina Rimsky and Mrinank Sharma and Joe Benton and Sandipan Kundu and Joshua Batson and Meg Tong and Jesse Mu and Daniel J Ford and Francesco Mosconi and Rajashree Agrawal and Rylan Schaeffer and Naomi Bashkansky and Samuel Svenningsen and Mike Lambert and Ansh Radhakrishnan and Carson Denison and Evan J Hubinger and Yuntao Bai and Trenton Bricken and Timothy Maxwell and Nicholas Schiefer and James Sully and Alex Tamkin and Tamera Lanham and Karina Nguyen and Tomasz Korbak and Jared Kaplan and Deep Ganguli and Samuel R. Bowman and Ethan Perez and Roger Baker Grosse and David Duvenaud},
booktitle={The Thirty-eighth Annual Conference on Neural Information Processing Systems},
year={2024},
url={https://openreview.net/forum?id=cw5mgd71jW}
}

@article{lynch2025agentic,
title={Agentic Misalignment: How {LLMs} Could be an Insider Threat},
author={Lynch, Aengus and Wright, Benjamin and Larson, Caleb and Troy, Kevin K. and Ritchie, Stuart J. and Mindermann, S√∂ren and Perez, Ethan and Hubinger, Evan},
year={2025},
journal={Anthropic Research},
note={\url{https://www.anthropic.com/research/agentic-misalignment}}
}

@misc{greenblatt2024alignmentfakinglargelanguage,
      title={Alignment faking in large language models}, 
      author={Ryan Greenblatt and Carson Denison and Benjamin Wright and Fabien Roger and Monte MacDiarmid and Sam Marks and Johannes Treutlein and Tim Belonax and Jack Chen and David Duvenaud and Akbir Khan and Julian Michael and S√∂ren Mindermann and Ethan Perez and Linda Petrini and Jonathan Uesato and Jared Kaplan and Buck Shlegeris and Samuel R. Bowman and Evan Hubinger},
      year={2024},
      eprint={2412.14093},
      archivePrefix={arXiv},
      primaryClass={cs.AI},
      url={https://arxiv.org/abs/2412.14093}, 
}

@misc{meinke2025frontiermodelscapableincontext,
      title={Frontier Models are Capable of In-context Scheming}, 
      author={Alexander Meinke and Bronson Schoen and J√©r√©my Scheurer and Mikita Balesni and Rusheb Shah and Marius Hobbhahn},
      year={2025},
      eprint={2412.04984},
      archivePrefix={arXiv},
      primaryClass={cs.AI},
      url={https://arxiv.org/abs/2412.04984}, 
}

@misc{li2023halueval,
      title={{HaluEval}: A Large-Scale Hallucination Evaluation Benchmark for Large Language Models}, 
      author={Junyi Li and Xiaoxue Cheng and Wayne Xin Zhao and Jian-Yun Nie and Ji-Rong Wen},
      year={2023},
      eprint={2305.11747},
      archivePrefix={arXiv},
      primaryClass={cs.CL},
      url={https://arxiv.org/abs/2305.11747}, 
}

@misc{wei2023jailbreak,
      title={Jailbreak and Guard Aligned Language Models with Only Few In-Context Demonstrations}, 
      author={Zeming Wei and Yifei Wang and Ang Li and Yichuan Mo and Yisen Wang},
      year={2024},
      eprint={2310.06387},
      archivePrefix={arXiv},
      primaryClass={cs.LG},
      url={https://arxiv.org/abs/2310.06387}, 
}

@misc{qiang2023hijacking,
      title={Hijacking Large Language Models via Adversarial In-Context Learning}, 
      author={Xiangyu Zhou and Yao Qiang and Saleh Zare Zade and Prashant Khanduri and Dongxiao Zhu},
      year={2025},
      eprint={2311.09948},
      archivePrefix={arXiv},
      primaryClass={cs.LG},
      url={https://arxiv.org/abs/2311.09948}, 
}

@misc{casademunt2025steering,
      title={Steering Out-of-Distribution Generalization with Concept Ablation Fine-Tuning}, 
      author={Helena Casademunt and Caden Juang and Adam Karvonen and Samuel Marks and Senthooran Rajamanoharan and Neel Nanda},
      year={2025},
      eprint={2507.16795},
      archivePrefix={arXiv},
      primaryClass={cs.LG},
      url={https://arxiv.org/abs/2507.16795}, 
}

@misc{yu2025robustllmsafeguardingrefusal,
      title={Robust {LLM} safeguarding via refusal feature adversarial training}, 
      author={Lei Yu and Virginie Do and Karen Hambardzumyan and Nicola Cancedda},
      year={2025},
      eprint={2409.20089},
      archivePrefix={arXiv},
      primaryClass={cs.LG},
      url={https://arxiv.org/abs/2409.20089}, 
}

@misc{chen2025seal,
      title={SEAL: Steerable Reasoning Calibration of Large Language Models for Free}, 
      author={Runjin Chen and Zhenyu Zhang and Junyuan Hong and Souvik Kundu and Zhangyang Wang},
      year={2025},
      eprint={2504.07986},
      archivePrefix={arXiv},
      primaryClass={cs.CL},
      url={https://arxiv.org/abs/2504.07986}, 
}

@article{lindsey2025biology,
  author={Lindsey, Jack and Gurnee, Wes and Ameisen, Emmanuel and Chen, Brian and Pearce, Adam and Turner, Nicholas L. and Citro, Craig and Abrahams, David and Carter, Shan and Hosmer, Basil and Marcus, Jonathan and Sklar, Michael and Templeton, Adly and Bricken, Trenton and McDougall, Callum and Cunningham, Hoagy and Henighan, Thomas and Jermyn, Adam and Jones, Andy and Persic, Andrew and Qi, Zhenyi and Thompson, T. Ben and Zimmerman, Sam and Rivoire, Kelley and Conerly, Thomas and Olah, Chris and Batson, Joshua},
  title={On the Biology of a Large Language Model},
  journal={Transformer Circuits Thread},
  year={2025},
  url={https://transformer-circuits.pub/2025/attribution-graphs/biology.html}
}

@article{ameisen2025circuit,
  author={Ameisen, Emmanuel and Lindsey, Jack and Pearce, Adam and Gurnee, Wes and Turner, Nicholas L. and Chen, Brian and Citro, Craig and Abrahams, David and Carter, Shan and Hosmer, Basil and Marcus, Jonathan and Sklar, Michael and Templeton, Adly and Bricken, Trenton and McDougall, Callum and Cunningham, Hoagy and Henighan, Thomas and Jermyn, Adam and Jones, Andy and Persic, Andrew and Qi, Zhenyi and Ben Thompson, T. and Zimmerman, Sam and Rivoire, Kelley and Conerly, Thomas and Olah, Chris and Batson, Joshua},
  title={Circuit Tracing: Revealing Computational Graphs in Language Models},
  journal={Transformer Circuits Thread},
  year={2025},
  url={https://transformer-circuits.pub/2025/attribution-graphs/methods.html}
}

@misc{marks2025sparsefeaturecircuitsdiscovering,
      title={Sparse Feature Circuits: Discovering and Editing Interpretable Causal Graphs in Language Models}, 
      author={Samuel Marks and Can Rager and Eric J. Michaud and Yonatan Belinkov and David Bau and Aaron Mueller},
      year={2025},
      eprint={2403.19647},
      archivePrefix={arXiv},
      primaryClass={cs.LG},
      url={https://arxiv.org/abs/2403.19647}, 
}

@misc{ferrando2025iknowentityknowledge,
      title={Do {I} Know This Entity? {Knowledge} Awareness and Hallucinations in Language Models}, 
      author={Javier Ferrando and Oscar Obeso and Senthooran Rajamanoharan and Neel Nanda},
      year={2025},
      eprint={2411.14257},
      archivePrefix={arXiv},
      primaryClass={cs.CL},
      url={https://arxiv.org/abs/2411.14257}, 
}

@misc{arditi2024refusallanguagemodelsmediated,
      title={Refusal in Language Models Is Mediated by a Single Direction}, 
      author={Andy Arditi and Oscar Obeso and Aaquib Syed and Daniel Paleka and Nina Panickssery and Wes Gurnee and Neel Nanda},
      year={2024},
      eprint={2406.11717},
      archivePrefix={arXiv},
      primaryClass={cs.LG},
      url={https://arxiv.org/abs/2406.11717}, 
}

@misc{belrose2023diff,
  author       = {Belrose, Nora},
  title        = {Diff-in-Means Concept Editing is Worst-Case Optimal: Explaining a Result by {Sam Marks} and {Max Tegmark}},
  month        = dec,
  year         = {2023},
  howpublished = {\url{https://blog.eleuther.ai/diff-in-means}},
}

@misc{openai2025o3,
  author       = {OpenAI},
  title        = {OpenAI o3 and o4-mini System Card},
  year         = {2025},
  month        = apr,
  howpublished = {\url{https://cdn.openai.com/pdf/2221c875-02dc-4789-800b-e7758f3722c1/o3-and-o4-mini-system-card.pdf}},
  note         = {System card, accessed 7 July 2025}
}

@misc{metz2025hallucinations,
  author       = {Metz, Cade and Weise, Karen},
  title        = {{A.I.} Is Getting More Powerful, but Its Hallucinations Are Getting Worse},
  year         = {2025},
  month        = may,
  howpublished = {\url{https://www.nytimes.com/2025/05/05/technology/ai-hallucinations-chatgpt-google.html}},
  note         = {The New York Times, accessed 7 July 2025}
}

@misc{Reuters2025_Grok,
  author       = {Reuters},
  title        = {X removes posts by {Musk} chatbot {Grok} after antisemitism complaints},
  howpublished = {\emph{Reuters}},
  year         = {2025},
  month        = jul,
  url          = {https://www.reuters.com/technology/musk-chatbot-grok-removes-posts-after-complaints-antisemitism-2025-07-09/},
  urldate      = {2025-07-13}
}

@misc{grok2025_xpost,
  author       = {{@grok}},
  title        = {{Update on where has @grok been \& what happened on July 8th. First off, we deeply apologize...}},
  year         = {2025},
  month        = jul,
  day          = {12},
  howpublished = {X post},
  note         = {Thread; posted 12 Jul 2025.},
  url          = {https://x.com/grok/status/1943916977481036128},
  urldate      = {2025-07-13}
}

@misc{perrigo_bing_2023,
  author       = {Perrigo, Billy},
  title        = {The New {AI}-Powered {Bing} Is Threatening Users. {That's} No Laughing Matter},
  journal      = {Time},
  month        = feb,
  year         = 2023,
  date         = {2023-02-17},
  url          = {https://time.com/6256529/bing-openai-chatgpt-danger-alignment/},
  urldate      = {2025-07-16}
}

@misc{mollman_sydney_2023,
  author       = {Mollman, Steve},
  title        = {{‚ÄòYou are irrelevant and doomed‚Äô: Microsoft chatbot Sydney rattled users months before ChatGPT‚Äëpowered Bing showed its dark side}},
  howpublished = {\textit{Fortune}},
  month        = feb,
  year         = 2023,
  date         = {2023-02-24},
  url          = {https://fortune.com/2023/02/24/microsoft-artificial-intelligence-ai-chatbot-sydney-rattled-users-before-chatgpt-fueled-bing/},
  urldate      = {2025-07-16}
}

@misc{grattafiori2024llama3herdmodels,
      title={The {Llama} 3 Herd of Models}, 
      author={Aaron Grattafiori and Abhimanyu Dubey and Abhinav Jauhri and Abhinav Pandey and Abhishek Kadian and Ahmad Al-Dahle and Aiesha Letman and Akhil Mathur and Alan Schelten and Alex Vaughan and Amy Yang and Angela Fan and Anirudh Goyal and Anthony Hartshorn and Aobo Yang and Archi Mitra and Archie Sravankumar and Artem Korenev and Arthur Hinsvark and Arun Rao and Aston Zhang and Aurelien Rodriguez and Austen Gregerson and Ava Spataru and Baptiste Roziere and Bethany Biron and Binh Tang and Bobbie Chern and Charlotte Caucheteux and Chaya Nayak and Chloe Bi and Chris Marra and Chris McConnell and Christian Keller and Christophe Touret and Chunyang Wu and Corinne Wong and Cristian Canton Ferrer and Cyrus Nikolaidis and Damien Allonsius and Daniel Song and Danielle Pintz and Danny Livshits and Danny Wyatt and David Esiobu and Dhruv Choudhary and Dhruv Mahajan and Diego Garcia-Olano and Diego Perino and Dieuwke Hupkes and Egor Lakomkin and Ehab AlBadawy and Elina Lobanova and Emily Dinan and Eric Michael Smith and Filip Radenovic and Francisco Guzm√°n and Frank Zhang and Gabriel Synnaeve and Gabrielle Lee and Georgia Lewis Anderson and Govind Thattai and Graeme Nail and Gregoire Mialon and Guan Pang and Guillem Cucurell and Hailey Nguyen and Hannah Korevaar and Hu Xu and Hugo Touvron and Iliyan Zarov and Imanol Arrieta Ibarra and Isabel Kloumann and Ishan Misra and Ivan Evtimov and Jack Zhang and Jade Copet and Jaewon Lee and Jan Geffert and Jana Vranes and Jason Park and Jay Mahadeokar and Jeet Shah and Jelmer van der Linde and Jennifer Billock and Jenny Hong and Jenya Lee and Jeremy Fu and Jianfeng Chi and Jianyu Huang and Jiawen Liu and Jie Wang and Jiecao Yu and Joanna Bitton and Joe Spisak and Jongsoo Park and Joseph Rocca and Joshua Johnstun and Joshua Saxe and Junteng Jia and Kalyan Vasuden Alwala and Karthik Prasad and Kartikeya Upasani and Kate Plawiak and Ke Li and Kenneth Heafield and Kevin Stone and Khalid El-Arini and Krithika Iyer and Kshitiz Malik and Kuenley Chiu and Kunal Bhalla and Kushal Lakhotia and Lauren Rantala-Yeary and Laurens van der Maaten and Lawrence Chen and Liang Tan and Liz Jenkins and Louis Martin and Lovish Madaan and Lubo Malo and Lukas Blecher and Lukas Landzaat and Luke de Oliveira and Madeline Muzzi and Mahesh Pasupuleti and Mannat Singh and Manohar Paluri and Marcin Kardas and Maria Tsimpoukelli and Mathew Oldham and Mathieu Rita and Maya Pavlova and Melanie Kambadur and Mike Lewis and Min Si and Mitesh Kumar Singh and Mona Hassan and Naman Goyal and Narjes Torabi and Nikolay Bashlykov and Nikolay Bogoychev and Niladri Chatterji and Ning Zhang and Olivier Duchenne and Onur √áelebi and Patrick Alrassy and Pengchuan Zhang and Pengwei Li and Petar Vasic and Peter Weng and Prajjwal Bhargava and Pratik Dubal and Praveen Krishnan and Punit Singh Koura and Puxin Xu and Qing He and Qingxiao Dong and Ragavan Srinivasan and Raj Ganapathy and Ramon Calderer and Ricardo Silveira Cabral and Robert Stojnic and Roberta Raileanu and Rohan Maheswari and Rohit Girdhar and Rohit Patel and Romain Sauvestre and Ronnie Polidoro and Roshan Sumbaly and Ross Taylor and Ruan Silva and Rui Hou and Rui Wang and Saghar Hosseini and Sahana Chennabasappa and Sanjay Singh and Sean Bell and Seohyun Sonia Kim and Sergey Edunov and Shaoliang Nie and Sharan Narang and Sharath Raparthy and Sheng Shen and Shengye Wan and Shruti Bhosale and Shun Zhang and Simon Vandenhende and Soumya Batra and Spencer Whitman and Sten Sootla and Stephane Collot and Suchin Gururangan and Sydney Borodinsky and Tamar Herman and Tara Fowler and Tarek Sheasha and Thomas Georgiou and Thomas Scialom and Tobias Speckbacher and Todor Mihaylov and Tong Xiao and Ujjwal Karn and Vedanuj Goswami and Vibhor Gupta and Vignesh Ramanathan and Viktor Kerkez and Vincent Gonguet and Virginie Do and Vish Vogeti and V√≠tor Albiero and Vladan Petrovic and Weiwei Chu and Wenhan Xiong and Wenyin Fu and Whitney Meers and Xavier Martinet and Xiaodong Wang and Xiaofang Wang and Xiaoqing Ellen Tan and Xide Xia and Xinfeng Xie and Xuchao Jia and Xuewei Wang and Yaelle Goldschlag and Yashesh Gaur and Yasmine Babaei and Yi Wen and Yiwen Song and Yuchen Zhang and Yue Li and Yuning Mao and Zacharie Delpierre Coudert and Zheng Yan and Zhengxing Chen and Zoe Papakipos and Aaditya Singh and Aayushi Srivastava and Abha Jain and Adam Kelsey and Adam Shajnfeld and Adithya Gangidi and Adolfo Victoria and Ahuva Goldstand and Ajay Menon and Ajay Sharma and Alex Boesenberg and Alexei Baevski and Allie Feinstein and Amanda Kallet and Amit Sangani and Amos Teo and Anam Yunus and Andrei Lupu and Andres Alvarado and Andrew Caples and Andrew Gu and Andrew Ho and Andrew Poulton and Andrew Ryan and Ankit Ramchandani and Annie Dong and Annie Franco and Anuj Goyal and Aparajita Saraf and Arkabandhu Chowdhury and Ashley Gabriel and Ashwin Bharambe and Assaf Eisenman and Azadeh Yazdan and Beau James and Ben Maurer and Benjamin Leonhardi and Bernie Huang and Beth Loyd and Beto De Paola and Bhargavi Paranjape and Bing Liu and Bo Wu and Boyu Ni and Braden Hancock and Bram Wasti and Brandon Spence and Brani Stojkovic and Brian Gamido and Britt Montalvo and Carl Parker and Carly Burton and Catalina Mejia and Ce Liu and Changhan Wang and Changkyu Kim and Chao Zhou and Chester Hu and Ching-Hsiang Chu and Chris Cai and Chris Tindal and Christoph Feichtenhofer and Cynthia Gao and Damon Civin and Dana Beaty and Daniel Kreymer and Daniel Li and David Adkins and David Xu and Davide Testuggine and Delia David and Devi Parikh and Diana Liskovich and Didem Foss and Dingkang Wang and Duc Le and Dustin Holland and Edward Dowling and Eissa Jamil and Elaine Montgomery and Eleonora Presani and Emily Hahn and Emily Wood and Eric-Tuan Le and Erik Brinkman and Esteban Arcaute and Evan Dunbar and Evan Smothers and Fei Sun and Felix Kreuk and Feng Tian and Filippos Kokkinos and Firat Ozgenel and Francesco Caggioni and Frank Kanayet and Frank Seide and Gabriela Medina Florez and Gabriella Schwarz and Gada Badeer and Georgia Swee and Gil Halpern and Grant Herman and Grigory Sizov and Guangyi and Zhang and Guna Lakshminarayanan and Hakan Inan and Hamid Shojanazeri and Han Zou and Hannah Wang and Hanwen Zha and Haroun Habeeb and Harrison Rudolph and Helen Suk and Henry Aspegren and Hunter Goldman and Hongyuan Zhan and Ibrahim Damlaj and Igor Molybog and Igor Tufanov and Ilias Leontiadis and Irina-Elena Veliche and Itai Gat and Jake Weissman and James Geboski and James Kohli and Janice Lam and Japhet Asher and Jean-Baptiste Gaya and Jeff Marcus and Jeff Tang and Jennifer Chan and Jenny Zhen and Jeremy Reizenstein and Jeremy Teboul and Jessica Zhong and Jian Jin and Jingyi Yang and Joe Cummings and Jon Carvill and Jon Shepard and Jonathan McPhie and Jonathan Torres and Josh Ginsburg and Junjie Wang and Kai Wu and Kam Hou U and Karan Saxena and Kartikay Khandelwal and Katayoun Zand and Kathy Matosich and Kaushik Veeraraghavan and Kelly Michelena and Keqian Li and Kiran Jagadeesh and Kun Huang and Kunal Chawla and Kyle Huang and Lailin Chen and Lakshya Garg and Lavender A and Leandro Silva and Lee Bell and Lei Zhang and Liangpeng Guo and Licheng Yu and Liron Moshkovich and Luca Wehrstedt and Madian Khabsa and Manav Avalani and Manish Bhatt and Martynas Mankus and Matan Hasson and Matthew Lennie and Matthias Reso and Maxim Groshev and Maxim Naumov and Maya Lathi and Meghan Keneally and Miao Liu and Michael L. Seltzer and Michal Valko and Michelle Restrepo and Mihir Patel and Mik Vyatskov and Mikayel Samvelyan and Mike Clark and Mike Macey and Mike Wang and Miquel Jubert Hermoso and Mo Metanat and Mohammad Rastegari and Munish Bansal and Nandhini Santhanam and Natascha Parks and Natasha White and Navyata Bawa and Nayan Singhal and Nick Egebo and Nicolas Usunier and Nikhil Mehta and Nikolay Pavlovich Laptev and Ning Dong and Norman Cheng and Oleg Chernoguz and Olivia Hart and Omkar Salpekar and Ozlem Kalinli and Parkin Kent and Parth Parekh and Paul Saab and Pavan Balaji and Pedro Rittner and Philip Bontrager and Pierre Roux and Piotr Dollar and Polina Zvyagina and Prashant Ratanchandani and Pritish Yuvraj and Qian Liang and Rachad Alao and Rachel Rodriguez and Rafi Ayub and Raghotham Murthy and Raghu Nayani and Rahul Mitra and Rangaprabhu Parthasarathy and Raymond Li and Rebekkah Hogan and Robin Battey and Rocky Wang and Russ Howes and Ruty Rinott and Sachin Mehta and Sachin Siby and Sai Jayesh Bondu and Samyak Datta and Sara Chugh and Sara Hunt and Sargun Dhillon and Sasha Sidorov and Satadru Pan and Saurabh Mahajan and Saurabh Verma and Seiji Yamamoto and Sharadh Ramaswamy and Shaun Lindsay and Shaun Lindsay and Sheng Feng and Shenghao Lin and Shengxin Cindy Zha and Shishir Patil and Shiva Shankar and Shuqiang Zhang and Shuqiang Zhang and Sinong Wang and Sneha Agarwal and Soji Sajuyigbe and Soumith Chintala and Stephanie Max and Stephen Chen and Steve Kehoe and Steve Satterfield and Sudarshan Govindaprasad and Sumit Gupta and Summer Deng and Sungmin Cho and Sunny Virk and Suraj Subramanian and Sy Choudhury and Sydney Goldman and Tal Remez and Tamar Glaser and Tamara Best and Thilo Koehler and Thomas Robinson and Tianhe Li and Tianjun Zhang and Tim Matthews and Timothy Chou and Tzook Shaked and Varun Vontimitta and Victoria Ajayi and Victoria Montanez and Vijai Mohan and Vinay Satish Kumar and Vishal Mangla and Vlad Ionescu and Vlad Poenaru and Vlad Tiberiu Mihailescu and Vladimir Ivanov and Wei Li and Wenchen Wang and Wenwen Jiang and Wes Bouaziz and Will Constable and Xiaocheng Tang and Xiaojian Wu and Xiaolan Wang and Xilun Wu and Xinbo Gao and Yaniv Kleinman and Yanjun Chen and Ye Hu and Ye Jia and Ye Qi and Yenda Li and Yilin Zhang and Ying Zhang and Yossi Adi and Youngjin Nam and Yu and Wang and Yu Zhao and Yuchen Hao and Yundi Qian and Yunlu Li and Yuzi He and Zach Rait and Zachary DeVito and Zef Rosnbrick and Zhaoduo Wen and Zhenyu Yang and Zhiwei Zhao and Zhiyu Ma},
      year={2024},
      eprint={2407.21783},
      archivePrefix={arXiv},
      primaryClass={cs.AI},
      url={https://arxiv.org/abs/2407.21783}, 
}

@misc{qwen2025qwen25technicalreport,
      title={Qwen2.5 Technical Report}, 
      author={An Yang and Baosong Yang and Beichen Zhang and Binyuan Hui and Bo Zheng and Bowen Yu and Chengyuan Li and Dayiheng Liu and Fei Huang and Haoran Wei and Huan Lin and Jian Yang and Jianhong Tu and Jianwei Zhang and Jianxin Yang and Jiaxi Yang and Jingren Zhou and Junyang Lin and Kai Dang and Keming Lu and Keqin Bao and Kexin Yang and Le Yu and Mei Li and Mingfeng Xue and Pei Zhang and Qin Zhu and Rui Men and Runji Lin and Tianhao Li and Tianyi Tang and Tingyu Xia and Xingzhang Ren and Xuancheng Ren and Yang Fan and Yang Su and Yichang Zhang and Yu Wan and Yuqiong Liu and Zeyu Cui and Zhenru Zhang and Zihan Qiu},
      year={2025},
      eprint={2412.15115},
      archivePrefix={arXiv},
      primaryClass={cs.CL},
      url={https://arxiv.org/abs/2412.15115}, 
}

@misc{alain2018understandingintermediatelayersusing,
      title={Understanding intermediate layers using linear classifier probes}, 
      author={Guillaume Alain and Yoshua Bengio},
      year={2018},
      eprint={1610.01644},
      archivePrefix={arXiv},
      primaryClass={stat.ML},
      url={https://arxiv.org/abs/1610.01644}, 
}

@misc{belinkov2021probingclassifierspromisesshortcomings,
      title={Probing Classifiers: Promises, Shortcomings, and Advances}, 
      author={Yonatan Belinkov},
      year={2021},
      eprint={2102.12452},
      archivePrefix={arXiv},
      primaryClass={cs.CL},
      url={https://arxiv.org/abs/2102.12452}, 
}

@misc{bills2023language,
 title={Language models can explain neurons in language models},
 author={
    Bills, Steven and Cammarata, Nick and Mossing, Dan and Tillman, Henk and Gao, Leo and Goh, Gabriel and Sutskever, Ilya and Leike, Jan and Wu, Jeff and Saunders, William
 },
 year={2023},
 howpublished = {\url{https://openaipublic.blob.core.windows.net/neuron-explainer/paper/index.html}}
}

@misc{cunningham2023sparseautoencodershighlyinterpretable,
      title={Sparse Autoencoders Find Highly Interpretable Features in Language Models}, 
      author={Hoagy Cunningham and Aidan Ewart and Logan Riggs and Robert Huben and Lee Sharkey},
      year={2023},
      eprint={2309.08600},
      archivePrefix={arXiv},
      primaryClass={cs.LG},
      url={https://arxiv.org/abs/2309.08600}, 
}

@misc{dunefsky2024transcoders,
      title={Transcoders Find Interpretable {LLM} Feature Circuits}, 
      author={Jacob Dunefsky and Philippe Chlenski and Neel Nanda},
      year={2024},
      eprint={2406.11944},
      archivePrefix={arXiv},
      primaryClass={cs.LG},
      url={https://arxiv.org/abs/2406.11944}, 
}

@misc{kalajdzievski2023rankstabilizationscalingfactor,
      title={A Rank Stabilization Scaling Factor for Fine-Tuning with LoRA}, 
      author={Damjan Kalajdzievski},
      year={2023},
      eprint={2312.03732},
      archivePrefix={arXiv},
      primaryClass={cs.CL},
      url={https://arxiv.org/abs/2312.03732}, 
}

@misc{safety_tooling_2025,
  author       = {John Hughes and {safety-research}},
  title        = {safety-research/safety-tooling: v1.0.0},
  year         = {2025},
  publisher    = {Zenodo},
  version      = {v1.0.0},
  doi          = {10.5281/zenodo.15363603},
  url          = {https://doi.org/10.5281/zenodo.15363603}
}

@misc{hendrycks2021measuringmassivemultitasklanguage,
      title={Measuring Massive Multitask Language Understanding}, 
      author={Dan Hendrycks and Collin Burns and Steven Basart and Andy Zou and Mantas Mazeika and Dawn Song and Jacob Steinhardt},
      year={2021},
      eprint={2009.03300},
      archivePrefix={arXiv},
      primaryClass={cs.CY},
      url={https://arxiv.org/abs/2009.03300}, 
}

@misc{weinbach2025assessing,
  title        = {Assessing LLM Psychology With Personality Vectors},
  author       = {Weinbach, Luke},
  howpublished = {Wolfram Community},
  year         = {2025},
  month        = jul,
  url          = {https://community.wolfram.com/groups/-/m/t/3497920}
}

@misc{allbert2024identifying,
      title={Identifying and Manipulating Personality Traits in {LLM}s Through Activation Engineering}, 
      author={Rumi Allbert and James K. Wiles and Vlad Grankovsky},
      year={2025},
      eprint={2412.10427},
      archivePrefix={arXiv},
      primaryClass={cs.CL},
      url={https://arxiv.org/abs/2412.10427}, 
}

@inproceedings{zhou2023making,
    title = "Making Harmful Behaviors Unlearnable for Large Language Models",
    author = "Zhou, Xin  and
      Lu, Yi  and
      Ma, Ruotian  and
      Wei, Yujian  and
      Gui, Tao  and
      Zhang, Qi  and
      Huang, Xuanjing",
    editor = "Ku, Lun-Wei  and
      Martins, Andre  and
      Srikumar, Vivek",
    booktitle = "Findings of the Association for Computational Linguistics: ACL 2024",
    month = aug,
    year = "2024",
    address = "Bangkok, Thailand",
    publisher = "Association for Computational Linguistics",
    url = "https://aclanthology.org/2024.findings-acl.611/",
    doi = "10.18653/v1/2024.findings-acl.611",
    pages = "10258--10273",
}

@misc{dong2025controllable,
      title={Controllable Emotion Generation with Emotion Vectors}, 
      author={Yurui Dong and Luozhijie Jin and Yao Yang and Bingjie Lu and Jiaxi Yang and Zhi Liu},
      year={2025},
      eprint={2502.04075},
      archivePrefix={arXiv},
      primaryClass={cs.CL},
      url={https://arxiv.org/abs/2502.04075}, 
}